@article{laal2012benefits,
  title={Benefits of collaborative learning},
  author={Laal, Marjan and Ghodsi, Seyed Mohammad},
  journal={Procedia-social and behavioral sciences},
  volume={31},
  pages={486--490},
  year={2012},
  publisher={Elsevier}
}

@article{vollmeyer2005surprising,
  title={A surprising effect of feedback on learning},
  author={Vollmeyer, Regina and Rheinberg, Falko},
  journal={Learning and instruction},
  volume={15},
  number={6},
  pages={589--602},
  year={2005},
  publisher={Elsevier}
}

@article{cooperstein2004beyond,
  title={Beyond active learning: A constructivist approach to learning},
  author={Cooperstein, Susan E and Kocevar-Weidinger, Elizabeth},
  journal={Reference services review},
  year={2004},
  publisher={Emerald group publishing limited}
}

@article{voogt201021st,
  title={21st century skills},
  author={Voogt, Joke and Roblin, Natalie Pareja},
  journal={Discussienota. Zoetermeer: The Netherlands: Kennisnet},
  volume={23},
  number={03},
  pages={2000},
  year={2010}
}

@article{exter2018comparing,
  title={Comparing computing professionals’ perceptions of importance of skills and knowledge on the job and coverage in undergraduate experiences},
  author={Exter, Marisa and Caskurlu, Secil and Fernandez, Todd},
  journal={ACM Transactions on Computing Education (TOCE)},
  volume={18},
  number={4},
  pages={1--29},
  year={2018},
  publisher={ACM New York, NY, USA}
}

@article{lundberg2021employable,
  title={From Employable to Fully Operational: The Need for Training of Computer Science Graduates.},
  author={Lundberg, Gunhild M and Krogstie, Birgit and Krogstie, John},
  journal={International Journal of Engineering Pedagogy},
  volume={11},
  number={3},
  year={2021}
}

@inproceedings{borjesson2007continuing,
  title={Continuing professional development by practitioner integrated learning},
  author={Borjesson, Anna and Pareto, Lars and Snis, Ulrika Lundh and Staron, Miroslaw},
  booktitle={Companion to the 22nd ACM SIGPLAN conference on Object-oriented programming systems and applications companion},
  pages={897--907},
  year={2007}
}

@book{ben2012mathematical,
  title={Mathematical logic for computer science},
  author={Ben-Ari, Mordechai},
  year={2012},
  publisher={Springer Science \& Business Media}
}

@article{baird2019employers,
  title={Employers’ ratings of importance of skills and competencies college graduates need to get hired: Evidence from the New England region of USA},
  author={Baird, Anthony M and Parayitam, Satyanarayana},
  journal={Education+ Training},
  year={2019},
  publisher={Emerald Publishing Limited}
}

@article{levine2014open,
  title={Open collaboration for innovation: Principles and performance},
  author={Levine, Sheen S and Prietula, Michael J},
  journal={Organization Science},
  volume={25},
  number={5},
  pages={1414--1433},
  year={2014},
  publisher={Informs}
}

@online{Shatrov2018,
  author = {Kir Shatrov},
  title = {E-Commerce at Scale: Inside Shopify's Tech Stack - Stackshare.io},
  year = 2018	,
  url = {https://shopify.engineering/e-commerce-at-scale-inside-shopifys-tech-stack},
  urldate = {2018-08-08}
}

@book{myers2012responsible,
  title={The responsible software engineer: Selected readings in IT professionalism},
  author={Myers, Colin and Hall, Tracy and Pitt, Dave},
  year={2012},
  publisher={Springer Science \& Business Media}
}

@article{vijayasarathy2015choice,
  title={Choice of software development methodologies: Do organizational, project, and team characteristics matter?},
  author={Vijayasarathy, Leo R and Butler, Charles W},
  journal={IEEE software},
  volume={33},
  number={5},
  pages={86--94},
  year={2015},
  publisher={IEEE}
}

@online{Synopsys2017,
  author = {Synopsys},
  title = {Top 4 software development methodologies. How do the top software development methodologies (waterfall, rapid application, agile, and DevOps) work? And which method is best for your project? },
  year = 2017	,
  url = {https://www.synopsys.com/blogs/software-security/top-4-software-development-methodologies/},
  urldate = {2017-03-28}
}

@incollection{williams2010agile,
  title={Agile software development methodologies and practices},
  author={Williams, Laurie},
  booktitle={Advances in computers},
  volume={80},
  pages={1--44},
  year={2010},
  publisher={Elsevier}
}

@article{jain2020review,
  title={Review on Comparison of different programming language by observing it's advantages and disadvantages},
  author={Jain, Siddhi B and Sonar, Sanjana G and Jain, Sakshi S and Daga, Priyanka and Jain, Ritik S},
  journal={Research Journal of Engineering and Technology},
  volume={11},
  number={3},
  pages={133--137},
  year={2020},
  publisher={A\&V Publications}
}

@incollection{chouseinoglou2014introducing,
  title={Introducing critical thinking to software engineering education},
  author={Chouseinoglou, Oumout and Bilgen, Semih},
  booktitle={Software Engineering Research, Management and Applications},
  pages={183--195},
  year={2014},
  publisher={Springer}
}

@online{Orasesnd,
  author = {Orases},
  title = {The Importance Of Project Management For Software Development},
  year = n.d.,
  url = {https://orases.com/the-importance-of-project-management-for-software-development/}
}

@online{Mulongo2022,
  author = {Mulongo},
  title = {The importance of algorithms in computer programming. Technotification. },
  year = 2022,
  url = {https://www.technotification.com/2019/02/importance-of-algorithms-programming.html},
  urldate = {2017-01-31}
}

@online{Programiznd,
  author = {Programiz},
  title = { Data Structure and Types. What are Data Structures? },
  year = n.d.,
  url = {https://www.programiz.com/dsa/data-structure-types}
}

@book{liu2017theory,
  title={Theory and Models for Cyber Situation Awareness},
  author={Liu, Peng and Jajodia, Sushil and Wang, Cliff},
  year={2017},
  publisher={Springer}
}

@article{weber2016cybersecurity,
  title={Cybersecurity in the Internet of Things: Legal aspects},
  author={Weber, Rolf H and Studer, Evelyne},
  journal={Computer Law \& Security Review},
  volume={32},
  number={5},
  pages={715--728},
  year={2016},
  publisher={Elsevier}
}
@article{dawson2018future,
  title={The future cybersecurity workforce: going beyond technical skills for successful cyber performance},
  author={Dawson, Jessica and Thomson, Robert},
  journal={Frontiers in psychology},
  volume={9},
  pages={744},
  year={2018},
  publisher={Frontiers}
}
